@Book{kernelmethods,
author = {{Cristianini, Nello} {Shawe-Taylor, John}},
title = {Kernel Methods for Pattern Analysis},
publisher = {Cambridge University Press},
year = {2004},
}

@article{volterra,
author = {Volterra, Vito},
title = {Theory of Functionals and of Integrals and Integro-Differential Equations},
publisher = {Dover Publications},
year = {1959},
}